<record><leader>00000cas a22000007  4500</leader><controlfield tag="001">1755375</controlfield><controlfield tag="008">751101c19449999wiudr ne      0   a0eng d</controlfield><datafield ind1=" " ind2=" " tag="010"><subfield code="a">sn 83009186 </subfield></datafield><datafield ind1=" " ind2=" " tag="040"><subfield code="a">MUL</subfield><subfield code="b">eng</subfield><subfield code="c">MUL</subfield><subfield code="d">NSD</subfield><subfield code="d">DLC</subfield><subfield code="d">NPV</subfield><subfield code="d">OCL</subfield><subfield code="d">DLC</subfield><subfield code="d">CUS</subfield><subfield code="d">DLC</subfield><subfield code="d">OCLCQ</subfield><subfield code="d">OCLCF</subfield></datafield><datafield ind1="1" ind2=" " tag="022"><subfield code="a">0745-9793</subfield><subfield code="l">0745-9793</subfield><subfield code="2">1</subfield></datafield><datafield ind1="1" ind2=" " tag="029"><subfield code="a">AU@</subfield><subfield code="b">000020291397</subfield></datafield><datafield ind1="1" ind2=" " tag="029"><subfield code="a">NZ1</subfield><subfield code="b">16068772</subfield></datafield><datafield ind1=" " ind2=" " tag="032"><subfield code="a">299020</subfield><subfield code="b">USPS</subfield></datafield><datafield ind1=" " ind2=" " tag="037"><subfield code="b">La Crosse Tribune, 401 3rd St. N., La Crosse, WI 54601-3281</subfield></datafield><datafield ind1=" " ind2=" " tag="042"><subfield code="a">msc</subfield><subfield code="a">nsdp</subfield></datafield><datafield ind1=" " ind2=" " tag="043"><subfield code="a">n-us-wi</subfield></datafield><datafield ind1="0" ind2="0" tag="050"><subfield code="a">Newspaper 10239</subfield></datafield><datafield ind1=" " ind2=" " tag="051"><subfield code="a">Newspaper 7002</subfield></datafield><datafield ind1="0" ind2=" " tag="130"><subfield code="a">La Crosse tribune (La Crosse, Wis. : 1944)</subfield></datafield><datafield ind1=" " ind2="0" tag="222"><subfield code="a">La Crosse tribune</subfield></datafield><datafield ind1="1" ind2="4" tag="245"><subfield code="a">The La Crosse tribune.</subfield></datafield><datafield ind1="3" ind2=" " tag="246"><subfield code="a">LaCrosse tribune</subfield></datafield><datafield ind1="1" ind2=" " tag="246"><subfield code="i">Issues for Sunday &lt;1954-1980&gt; published as:</subfield><subfield code="a">La Crosse Sunday tribune</subfield></datafield><datafield ind1="3" ind2="0" tag="246"><subfield code="a">Tribune</subfield></datafield><datafield ind1=" " ind2=" " tag="260"><subfield code="a">La Crosse, Wis. :</subfield><subfield code="b">La Crosse Tribune,</subfield></datafield><datafield ind1=" " ind2=" " tag="300"><subfield code="a">v.</subfield></datafield><datafield ind1=" " ind2=" " tag="310"><subfield code="a">Daily,</subfield><subfield code="b">&lt;Jan. 1, 1997-&gt;</subfield></datafield><datafield ind1=" " ind2=" " tag="321"><subfield code="a">Daily (except Christmas and New Year)</subfield></datafield><datafield ind1="1" ind2=" " tag="362"><subfield code="a">Began in 1944.</subfield></datafield><datafield ind1=" " ind2=" " tag="500"><subfield code="a">"Serving the Coulee Region since 1904", &lt;Jan. 1, 1997-&gt;.</subfield></datafield><datafield ind1=" " ind2=" " tag="500"><subfield code="a">Special "Golden Anniversary" ed. published May 16, 1954.</subfield></datafield><datafield ind1=" " ind2=" " tag="530"><subfield code="a">Also issued on microfilm from Bell &amp; Howell Information and Learning and Heritage Microfilm.</subfield></datafield><datafield ind1=" " ind2=" " tag="530"><subfield code="a">Also issued via the Internet. Address as of Oct. 31, 2000: http://www.lacrossetribune.com.</subfield></datafield><datafield ind1=" " ind2=" " tag="588"><subfield code="a">Description based on: Vol. 93, no. 226 (Jan. 1, 1997).</subfield></datafield><datafield ind1=" " ind2=" " tag="588"><subfield code="a">Latest issue consulted: Vol. 97, no. 194 (Oct. 31, 2000).</subfield></datafield><datafield ind1=" " ind2="0" tag="651"><subfield code="a">La Crosse (Wis.)</subfield><subfield code="v">Newspapers.</subfield></datafield><datafield ind1=" " ind2="0" tag="651"><subfield code="a">La Crosse County (Wis.)</subfield><subfield code="v">Newspapers.</subfield></datafield><datafield ind1=" " ind2="7" tag="655"><subfield code="a">Newspapers.</subfield><subfield code="2">fast</subfield><subfield code="0">(OCoLC)fst01423814</subfield></datafield><datafield ind1=" " ind2="7" tag="651"><subfield code="a">Wisconsin</subfield><subfield code="z">La Crosse.</subfield><subfield code="2">fast</subfield><subfield code="0">(OCoLC)fst01207161</subfield></datafield><datafield ind1=" " ind2="7" tag="651"><subfield code="a">Wisconsin</subfield><subfield code="z">La Crosse County.</subfield><subfield code="2">fast</subfield><subfield code="0">(OCoLC)fst01222139</subfield></datafield><datafield ind1=" " ind2=" " tag="752"><subfield code="a">United States</subfield><subfield code="b">Wisconsin</subfield><subfield code="c">La Crosse</subfield><subfield code="d">La Crosse.</subfield></datafield><datafield ind1="0" ind2="8" tag="776"><subfield code="i">Online version:</subfield><subfield code="t">Crosse tribune (La Crosse, Wis. : 1944 : Online)</subfield><subfield code="w">(DLC)sn 83009186</subfield><subfield code="w">(OCoLC)244293906</subfield></datafield><datafield ind1="0" ind2="0" tag="780"><subfield code="t">Crosse tribune and leader-press</subfield><subfield code="w">(DLC)sn 87082114</subfield><subfield code="w">(OCoLC)15262125</subfield></datafield><datafield ind1="4" ind2="1" tag="856"><subfield code="u">http://www.lacrossetribune.com</subfield></datafield></record>